%YAML 1.1
%TAG !u! tag:unity3d.com,2011:
--- !u!1 &4835563338300153467
GameObject:
  m_ObjectHideFlags: 0
  m_CorrespondingSourceObject: {fileID: 0}
  m_PrefabInstance: {fileID: 0}
  m_PrefabAsset: {fileID: 0}
  serializedVersion: 6
  m_Component:
  - component: {fileID: 6069260785181922593}
  - component: {fileID: 108248696153455434}
  - component: {fileID: 177882889074110204}
  - component: {fileID: 9075521458901728524}
  m_Layer: 0
  m_Name: N 28
  m_TagString: Node
  m_Icon: {fileID: 0}
  m_NavMeshLayer: 0
  m_StaticEditorFlags: 0
  m_IsActive: 1
--- !u!4 &6069260785181922593
Transform:
  m_ObjectHideFlags: 0
  m_CorrespondingSourceObject: {fileID: 0}
  m_PrefabInstance: {fileID: 0}
  m_PrefabAsset: {fileID: 0}
  m_GameObject: {fileID: 4835563338300153467}
  m_LocalRotation: {x: 0, y: 0, z: 0, w: 1}
  m_LocalPosition: {x: 0, y: 0, z: 0}
  m_LocalScale: {x: 0.6, y: 0.6, z: 1}
  m_ConstrainProportionsScale: 0
  m_Children:
  - {fileID: 3673646670624500861}
  m_Father: {fileID: 0}
  m_RootOrder: 0
  m_LocalEulerAnglesHint: {x: 0, y: 0, z: 0}
--- !u!54 &108248696153455434
Rigidbody:
  m_ObjectHideFlags: 0
  m_CorrespondingSourceObject: {fileID: 0}
  m_PrefabInstance: {fileID: 0}
  m_PrefabAsset: {fileID: 0}
  m_GameObject: {fileID: 4835563338300153467}
  serializedVersion: 2
  m_Mass: 3
  m_Drag: 0
  m_AngularDrag: 0.05
  m_UseGravity: 1
  m_IsKinematic: 0
  m_Interpolate: 0
  m_Constraints: 0
  m_CollisionDetection: 0
--- !u!114 &177882889074110204
MonoBehaviour:
  m_ObjectHideFlags: 0
  m_CorrespondingSourceObject: {fileID: 0}
  m_PrefabInstance: {fileID: 0}
  m_PrefabAsset: {fileID: 0}
  m_GameObject: {fileID: 4835563338300153467}
  m_Enabled: 1
  m_EditorHideFlags: 0
  m_Script: {fileID: 11500000, guid: 546c119d7db4a3145944b628cc1f4a7e, type: 3}
  m_Name: 
  m_EditorClassIdentifier: 
  id: 0
  isSelected: 0
  isValid: 0
  forceMultiplier: 10
--- !u!65 &9075521458901728524
BoxCollider:
  m_ObjectHideFlags: 0
  m_CorrespondingSourceObject: {fileID: 0}
  m_PrefabInstance: {fileID: 0}
  m_PrefabAsset: {fileID: 0}
  m_GameObject: {fileID: 4835563338300153467}
  m_Material: {fileID: 0}
  m_IsTrigger: 0
  m_Enabled: 1
  serializedVersion: 2
  m_Size: {x: 1.8258717, y: 2.90836, z: 0.5598448}
  m_Center: {x: -0.18222421, y: -0.38083985, z: 0}
--- !u!1001 &3851091512471571350
PrefabInstance:
  m_ObjectHideFlags: 0
  serializedVersion: 2
  m_Modification:
    m_TransformParent: {fileID: 6069260785181922593}
    m_Modifications:
    - target: {fileID: -8679921383154817045, guid: 01d913fde69a9cd4e8253e09a43eeb93, type: 3}
      propertyPath: m_RootOrder
      value: 0
      objectReference: {fileID: 0}
    - target: {fileID: -8679921383154817045, guid: 01d913fde69a9cd4e8253e09a43eeb93, type: 3}
      propertyPath: m_LocalScale.x
      value: 3
      objectReference: {fileID: 0}
    - target: {fileID: -8679921383154817045, guid: 01d913fde69a9cd4e8253e09a43eeb93, type: 3}
      propertyPath: m_LocalScale.y
      value: 3
      objectReference: {fileID: 0}
    - target: {fileID: -8679921383154817045, guid: 01d913fde69a9cd4e8253e09a43eeb93, type: 3}
      propertyPath: m_LocalScale.z
      value: 3
      objectReference: {fileID: 0}
    - target: {fileID: -8679921383154817045, guid: 01d913fde69a9cd4e8253e09a43eeb93, type: 3}
      propertyPath: m_LocalPosition.x
      value: 0
      objectReference: {fileID: 0}
    - target: {fileID: -8679921383154817045, guid: 01d913fde69a9cd4e8253e09a43eeb93, type: 3}
      propertyPath: m_LocalPosition.y
      value: 0
      objectReference: {fileID: 0}
    - target: {fileID: -8679921383154817045, guid: 01d913fde69a9cd4e8253e09a43eeb93, type: 3}
      propertyPath: m_LocalPosition.z
      value: 0
      objectReference: {fileID: 0}
    - target: {fileID: -8679921383154817045, guid: 01d913fde69a9cd4e8253e09a43eeb93, type: 3}
      propertyPath: m_LocalRotation.w
      value: 1
      objectReference: {fileID: 0}
    - target: {fileID: -8679921383154817045, guid: 01d913fde69a9cd4e8253e09a43eeb93, type: 3}
      propertyPath: m_LocalRotation.x
      value: -0.00000003774895
      objectReference: {fileID: 0}
    - target: {fileID: -8679921383154817045, guid: 01d913fde69a9cd4e8253e09a43eeb93, type: 3}
      propertyPath: m_LocalRotation.y
      value: 0
      objectReference: {fileID: 0}
    - target: {fileID: -8679921383154817045, guid: 01d913fde69a9cd4e8253e09a43eeb93, type: 3}
      propertyPath: m_LocalRotation.z
      value: -0
      objectReference: {fileID: 0}
    - target: {fileID: -8679921383154817045, guid: 01d913fde69a9cd4e8253e09a43eeb93, type: 3}
      propertyPath: m_LocalEulerAnglesHint.x
      value: 0
      objectReference: {fileID: 0}
    - target: {fileID: -8679921383154817045, guid: 01d913fde69a9cd4e8253e09a43eeb93, type: 3}
      propertyPath: m_LocalEulerAnglesHint.y
      value: 0
      objectReference: {fileID: 0}
    - target: {fileID: -8679921383154817045, guid: 01d913fde69a9cd4e8253e09a43eeb93, type: 3}
      propertyPath: m_LocalEulerAnglesHint.z
      value: 0
      objectReference: {fileID: 0}
    - target: {fileID: -7511558181221131132, guid: 01d913fde69a9cd4e8253e09a43eeb93, type: 3}
      propertyPath: m_Materials.Array.data[0]
      value: 
      objectReference: {fileID: 2100000, guid: 50414cc0ba587d24fa15fccec85de13e, type: 2}
    - target: {fileID: 919132149155446097, guid: 01d913fde69a9cd4e8253e09a43eeb93, type: 3}
      propertyPath: m_Name
      value: 7
      objectReference: {fileID: 0}
    m_RemovedComponents: []
  m_SourcePrefab: {fileID: 100100000, guid: 01d913fde69a9cd4e8253e09a43eeb93, type: 3}
--- !u!4 &3673646670624500861 stripped
Transform:
  m_CorrespondingSourceObject: {fileID: -8679921383154817045, guid: 01d913fde69a9cd4e8253e09a43eeb93, type: 3}
  m_PrefabInstance: {fileID: 3851091512471571350}
  m_PrefabAsset: {fileID: 0}
