%YAML 1.1
%TAG !u! tag:unity3d.com,2011:
--- !u!1 &8019715577685963558
GameObject:
  m_ObjectHideFlags: 0
  m_CorrespondingSourceObject: {fileID: 0}
  m_PrefabInstance: {fileID: 0}
  m_PrefabAsset: {fileID: 0}
  serializedVersion: 6
  m_Component:
  - component: {fileID: 7237140648823600851}
  - component: {fileID: -4512994878660409319}
  - component: {fileID: 4066939358158978702}
  - component: {fileID: 5750750817538501681}
  m_Layer: 0
  m_Name: N 68
  m_TagString: Node
  m_Icon: {fileID: 0}
  m_NavMeshLayer: 0
  m_StaticEditorFlags: 0
  m_IsActive: 1
--- !u!4 &7237140648823600851
Transform:
  m_ObjectHideFlags: 0
  m_CorrespondingSourceObject: {fileID: 0}
  m_PrefabInstance: {fileID: 0}
  m_PrefabAsset: {fileID: 0}
  m_GameObject: {fileID: 8019715577685963558}
  m_LocalRotation: {x: 0, y: 0, z: 0, w: 1}
  m_LocalPosition: {x: 0, y: 0, z: 0}
  m_LocalScale: {x: 0.8, y: 0.8, z: 0.8}
  m_ConstrainProportionsScale: 0
  m_Children:
  - {fileID: 5802149836685171890}
  m_Father: {fileID: 0}
  m_RootOrder: 0
  m_LocalEulerAnglesHint: {x: 0, y: 0, z: 0}
--- !u!54 &-4512994878660409319
Rigidbody:
  m_ObjectHideFlags: 0
  m_CorrespondingSourceObject: {fileID: 0}
  m_PrefabInstance: {fileID: 0}
  m_PrefabAsset: {fileID: 0}
  m_GameObject: {fileID: 8019715577685963558}
  serializedVersion: 2
  m_Mass: 3
  m_Drag: 0
  m_AngularDrag: 0.05
  m_UseGravity: 1
  m_IsKinematic: 0
  m_Interpolate: 0
  m_Constraints: 0
  m_CollisionDetection: 0
--- !u!114 &4066939358158978702
MonoBehaviour:
  m_ObjectHideFlags: 0
  m_CorrespondingSourceObject: {fileID: 0}
  m_PrefabInstance: {fileID: 0}
  m_PrefabAsset: {fileID: 0}
  m_GameObject: {fileID: 8019715577685963558}
  m_Enabled: 1
  m_EditorHideFlags: 0
  m_Script: {fileID: 11500000, guid: 546c119d7db4a3145944b628cc1f4a7e, type: 3}
  m_Name: 
  m_EditorClassIdentifier: 
  id: 0
  isSelected: 0
  isValid: 0
  forceMultiplier: 10
--- !u!65 &5750750817538501681
BoxCollider:
  m_ObjectHideFlags: 0
  m_CorrespondingSourceObject: {fileID: 0}
  m_PrefabInstance: {fileID: 0}
  m_PrefabAsset: {fileID: 0}
  m_GameObject: {fileID: 8019715577685963558}
  m_Material: {fileID: 0}
  m_IsTrigger: 0
  m_Enabled: 1
  serializedVersion: 2
  m_Size: {x: 1.3012985, y: 1.340244, z: 2.5832024}
  m_Center: {x: -0.014824947, y: -0.08, z: -0.031188926}
--- !u!1001 &6273472449883978585
PrefabInstance:
  m_ObjectHideFlags: 0
  serializedVersion: 2
  m_Modification:
    m_TransformParent: {fileID: 7237140648823600851}
    m_Modifications:
    - target: {fileID: -8893016068503734682, guid: 9b1b85c83d2953e489dd8855b8a1129e, type: 3}
      propertyPath: m_Materials.Array.data[0]
      value: 
      objectReference: {fileID: 2100000, guid: decfe358c0cb73b49a7b6a29765664d0, type: 2}
    - target: {fileID: -8679921383154817045, guid: 9b1b85c83d2953e489dd8855b8a1129e, type: 3}
      propertyPath: m_RootOrder
      value: 0
      objectReference: {fileID: 0}
    - target: {fileID: -8679921383154817045, guid: 9b1b85c83d2953e489dd8855b8a1129e, type: 3}
      propertyPath: m_LocalPosition.x
      value: -0
      objectReference: {fileID: 0}
    - target: {fileID: -8679921383154817045, guid: 9b1b85c83d2953e489dd8855b8a1129e, type: 3}
      propertyPath: m_LocalPosition.y
      value: -0.74
      objectReference: {fileID: 0}
    - target: {fileID: -8679921383154817045, guid: 9b1b85c83d2953e489dd8855b8a1129e, type: 3}
      propertyPath: m_LocalPosition.z
      value: 0
      objectReference: {fileID: 0}
    - target: {fileID: -8679921383154817045, guid: 9b1b85c83d2953e489dd8855b8a1129e, type: 3}
      propertyPath: m_LocalRotation.w
      value: 1
      objectReference: {fileID: 0}
    - target: {fileID: -8679921383154817045, guid: 9b1b85c83d2953e489dd8855b8a1129e, type: 3}
      propertyPath: m_LocalRotation.x
      value: 0
      objectReference: {fileID: 0}
    - target: {fileID: -8679921383154817045, guid: 9b1b85c83d2953e489dd8855b8a1129e, type: 3}
      propertyPath: m_LocalRotation.y
      value: -0
      objectReference: {fileID: 0}
    - target: {fileID: -8679921383154817045, guid: 9b1b85c83d2953e489dd8855b8a1129e, type: 3}
      propertyPath: m_LocalRotation.z
      value: -0
      objectReference: {fileID: 0}
    - target: {fileID: -8679921383154817045, guid: 9b1b85c83d2953e489dd8855b8a1129e, type: 3}
      propertyPath: m_LocalEulerAnglesHint.x
      value: 0
      objectReference: {fileID: 0}
    - target: {fileID: -8679921383154817045, guid: 9b1b85c83d2953e489dd8855b8a1129e, type: 3}
      propertyPath: m_LocalEulerAnglesHint.y
      value: 0
      objectReference: {fileID: 0}
    - target: {fileID: -8679921383154817045, guid: 9b1b85c83d2953e489dd8855b8a1129e, type: 3}
      propertyPath: m_LocalEulerAnglesHint.z
      value: 0
      objectReference: {fileID: 0}
    - target: {fileID: -7520589500867835406, guid: 9b1b85c83d2953e489dd8855b8a1129e, type: 3}
      propertyPath: m_Materials.Array.data[0]
      value: 
      objectReference: {fileID: 2100000, guid: decfe358c0cb73b49a7b6a29765664d0, type: 2}
    - target: {fileID: 919132149155446097, guid: 9b1b85c83d2953e489dd8855b8a1129e, type: 3}
      propertyPath: m_Name
      value: taxi
      objectReference: {fileID: 0}
    - target: {fileID: 3164286642307905054, guid: 9b1b85c83d2953e489dd8855b8a1129e, type: 3}
      propertyPath: m_Materials.Array.data[0]
      value: 
      objectReference: {fileID: 2100000, guid: decfe358c0cb73b49a7b6a29765664d0, type: 2}
    - target: {fileID: 6144564154396452012, guid: 9b1b85c83d2953e489dd8855b8a1129e, type: 3}
      propertyPath: m_Materials.Array.data[0]
      value: 
      objectReference: {fileID: 2100000, guid: decfe358c0cb73b49a7b6a29765664d0, type: 2}
    - target: {fileID: 8449996119470504636, guid: 9b1b85c83d2953e489dd8855b8a1129e, type: 3}
      propertyPath: m_Materials.Array.data[0]
      value: 
      objectReference: {fileID: 2100000, guid: d3157f51b015de3468cd13c21c4e050b, type: 2}
    - target: {fileID: 8449996119470504636, guid: 9b1b85c83d2953e489dd8855b8a1129e, type: 3}
      propertyPath: m_Materials.Array.data[1]
      value: 
      objectReference: {fileID: 2100000, guid: 95bf30c4691ca304d9feb93419623f8b, type: 2}
    - target: {fileID: 8449996119470504636, guid: 9b1b85c83d2953e489dd8855b8a1129e, type: 3}
      propertyPath: m_Materials.Array.data[2]
      value: 
      objectReference: {fileID: 2100000, guid: 2c97eca35f282334a9905d828e90c999, type: 2}
    - target: {fileID: 8449996119470504636, guid: 9b1b85c83d2953e489dd8855b8a1129e, type: 3}
      propertyPath: m_Materials.Array.data[5]
      value: 
      objectReference: {fileID: 2100000, guid: a740ea10ad7336849bc767181ba08d54, type: 2}
    m_RemovedComponents: []
  m_SourcePrefab: {fileID: 100100000, guid: 9b1b85c83d2953e489dd8855b8a1129e, type: 3}
--- !u!4 &5802149836685171890 stripped
Transform:
  m_CorrespondingSourceObject: {fileID: -8679921383154817045, guid: 9b1b85c83d2953e489dd8855b8a1129e, type: 3}
  m_PrefabInstance: {fileID: 6273472449883978585}
  m_PrefabAsset: {fileID: 0}
