%YAML 1.1
%TAG !u! tag:unity3d.com,2011:
--- !u!1 &8019715577685963558
GameObject:
  m_ObjectHideFlags: 0
  m_CorrespondingSourceObject: {fileID: 0}
  m_PrefabInstance: {fileID: 0}
  m_PrefabAsset: {fileID: 0}
  serializedVersion: 6
  m_Component:
  - component: {fileID: 7237140648823600851}
  - component: {fileID: -4512994878660409319}
  - component: {fileID: 4066939358158978702}
  - component: {fileID: 7481626962867966427}
  m_Layer: 0
  m_Name: N 75
  m_TagString: Node
  m_Icon: {fileID: 0}
  m_NavMeshLayer: 0
  m_StaticEditorFlags: 0
  m_IsActive: 1
--- !u!4 &7237140648823600851
Transform:
  m_ObjectHideFlags: 0
  m_CorrespondingSourceObject: {fileID: 0}
  m_PrefabInstance: {fileID: 0}
  m_PrefabAsset: {fileID: 0}
  m_GameObject: {fileID: 8019715577685963558}
  m_LocalRotation: {x: 0, y: 0, z: 0, w: 1}
  m_LocalPosition: {x: 0, y: 0, z: 0}
  m_LocalScale: {x: 0.8, y: 0.8, z: 0.8}
  m_ConstrainProportionsScale: 0
  m_Children:
  - {fileID: 6586133780045009947}
  m_Father: {fileID: 0}
  m_RootOrder: 0
  m_LocalEulerAnglesHint: {x: 0, y: 0, z: 0}
--- !u!54 &-4512994878660409319
Rigidbody:
  m_ObjectHideFlags: 0
  m_CorrespondingSourceObject: {fileID: 0}
  m_PrefabInstance: {fileID: 0}
  m_PrefabAsset: {fileID: 0}
  m_GameObject: {fileID: 8019715577685963558}
  serializedVersion: 2
  m_Mass: 3
  m_Drag: 0
  m_AngularDrag: 0.05
  m_UseGravity: 1
  m_IsKinematic: 0
  m_Interpolate: 0
  m_Constraints: 0
  m_CollisionDetection: 0
--- !u!114 &4066939358158978702
MonoBehaviour:
  m_ObjectHideFlags: 0
  m_CorrespondingSourceObject: {fileID: 0}
  m_PrefabInstance: {fileID: 0}
  m_PrefabAsset: {fileID: 0}
  m_GameObject: {fileID: 8019715577685963558}
  m_Enabled: 1
  m_EditorHideFlags: 0
  m_Script: {fileID: 11500000, guid: 546c119d7db4a3145944b628cc1f4a7e, type: 3}
  m_Name: 
  m_EditorClassIdentifier: 
  id: 0
  isSelected: 0
  isValid: 0
  forceMultiplier: 10
--- !u!65 &7481626962867966427
BoxCollider:
  m_ObjectHideFlags: 0
  m_CorrespondingSourceObject: {fileID: 0}
  m_PrefabInstance: {fileID: 0}
  m_PrefabAsset: {fileID: 0}
  m_GameObject: {fileID: 8019715577685963558}
  m_Material: {fileID: 0}
  m_IsTrigger: 0
  m_Enabled: 1
  serializedVersion: 2
  m_Size: {x: 1, y: 1.7752607, z: 1.7761362}
  m_Center: {x: 0, y: 0.022994798, z: -0.0005624294}
--- !u!1001 &6695758332465378288
PrefabInstance:
  m_ObjectHideFlags: 0
  serializedVersion: 2
  m_Modification:
    m_TransformParent: {fileID: 7237140648823600851}
    m_Modifications:
    - target: {fileID: -8679921383154817045, guid: c7df349dfc5a70b4c8e191e2a586ccb6, type: 3}
      propertyPath: m_RootOrder
      value: 0
      objectReference: {fileID: 0}
    - target: {fileID: -8679921383154817045, guid: c7df349dfc5a70b4c8e191e2a586ccb6, type: 3}
      propertyPath: m_LocalScale.x
      value: 3
      objectReference: {fileID: 0}
    - target: {fileID: -8679921383154817045, guid: c7df349dfc5a70b4c8e191e2a586ccb6, type: 3}
      propertyPath: m_LocalScale.y
      value: 3
      objectReference: {fileID: 0}
    - target: {fileID: -8679921383154817045, guid: c7df349dfc5a70b4c8e191e2a586ccb6, type: 3}
      propertyPath: m_LocalScale.z
      value: 3
      objectReference: {fileID: 0}
    - target: {fileID: -8679921383154817045, guid: c7df349dfc5a70b4c8e191e2a586ccb6, type: 3}
      propertyPath: m_LocalPosition.x
      value: -0.42
      objectReference: {fileID: 0}
    - target: {fileID: -8679921383154817045, guid: c7df349dfc5a70b4c8e191e2a586ccb6, type: 3}
      propertyPath: m_LocalPosition.y
      value: 0
      objectReference: {fileID: 0}
    - target: {fileID: -8679921383154817045, guid: c7df349dfc5a70b4c8e191e2a586ccb6, type: 3}
      propertyPath: m_LocalPosition.z
      value: 0
      objectReference: {fileID: 0}
    - target: {fileID: -8679921383154817045, guid: c7df349dfc5a70b4c8e191e2a586ccb6, type: 3}
      propertyPath: m_LocalRotation.w
      value: 1
      objectReference: {fileID: 0}
    - target: {fileID: -8679921383154817045, guid: c7df349dfc5a70b4c8e191e2a586ccb6, type: 3}
      propertyPath: m_LocalRotation.x
      value: 0
      objectReference: {fileID: 0}
    - target: {fileID: -8679921383154817045, guid: c7df349dfc5a70b4c8e191e2a586ccb6, type: 3}
      propertyPath: m_LocalRotation.y
      value: -0
      objectReference: {fileID: 0}
    - target: {fileID: -8679921383154817045, guid: c7df349dfc5a70b4c8e191e2a586ccb6, type: 3}
      propertyPath: m_LocalRotation.z
      value: -0
      objectReference: {fileID: 0}
    - target: {fileID: -8679921383154817045, guid: c7df349dfc5a70b4c8e191e2a586ccb6, type: 3}
      propertyPath: m_LocalEulerAnglesHint.x
      value: 0
      objectReference: {fileID: 0}
    - target: {fileID: -8679921383154817045, guid: c7df349dfc5a70b4c8e191e2a586ccb6, type: 3}
      propertyPath: m_LocalEulerAnglesHint.y
      value: 0
      objectReference: {fileID: 0}
    - target: {fileID: -8679921383154817045, guid: c7df349dfc5a70b4c8e191e2a586ccb6, type: 3}
      propertyPath: m_LocalEulerAnglesHint.z
      value: 0
      objectReference: {fileID: 0}
    - target: {fileID: -7511558181221131132, guid: c7df349dfc5a70b4c8e191e2a586ccb6, type: 3}
      propertyPath: m_Materials.Array.data[0]
      value: 
      objectReference: {fileID: 2100000, guid: decfe358c0cb73b49a7b6a29765664d0, type: 2}
    - target: {fileID: -7511558181221131132, guid: c7df349dfc5a70b4c8e191e2a586ccb6, type: 3}
      propertyPath: m_Materials.Array.data[1]
      value: 
      objectReference: {fileID: 2100000, guid: d3157f51b015de3468cd13c21c4e050b, type: 2}
    - target: {fileID: 919132149155446097, guid: c7df349dfc5a70b4c8e191e2a586ccb6, type: 3}
      propertyPath: m_Name
      value: wheelDark
      objectReference: {fileID: 0}
    m_RemovedComponents: []
  m_SourcePrefab: {fileID: 100100000, guid: c7df349dfc5a70b4c8e191e2a586ccb6, type: 3}
--- !u!4 &6586133780045009947 stripped
Transform:
  m_CorrespondingSourceObject: {fileID: -8679921383154817045, guid: c7df349dfc5a70b4c8e191e2a586ccb6, type: 3}
  m_PrefabInstance: {fileID: 6695758332465378288}
  m_PrefabAsset: {fileID: 0}
